<record xmlns="http://www.loc.gov/MARC21/slim" xmlns:xsi="http://www.w3.org/2001/XMLSchema-instance" xsi:schemaLocation="http://www.loc.gov/MARC21/slim http://www.loc.gov/standards/marcxml/schema/MARC21slim.xsd"><leader>     nam a22        4500</leader><controlfield tag="001">002167904</controlfield><controlfield tag="003">NNU</controlfield><controlfield tag="006">m        d        </controlfield><controlfield tag="007">cr cn |||m|||a</controlfield><controlfield tag="008">150313q19501959le      o     000 1 ara d</controlfield><datafield ind1=" " ind2=" " tag="040"><subfield code="a">NNU</subfield><subfield code="b">eng</subfield><subfield code="c">NNU</subfield></datafield><datafield ind1="1" ind2=" " tag="100"><subfield code="a">Nash&#257;sh&#299;b&#299;, Mu&#7717;ammad Is&#699;&#257;f.</subfield></datafield><datafield ind1="1" ind2="0" tag="245"><subfield code="a">Naql al-ad&#299;b</subfield><subfield code="h">[electronic resource] /</subfield><subfield code="c">Mu&#7717;ammad Is&#699;&#257;f al-Nash&#257;sh&#299;b&#299; ; qaddama la-hu wa-tarjama li-mu&#700;allifihi Is&#7717;&#257;q M&#363;s&#225; al-&#7716;usayn&#299;.</subfield></datafield><datafield ind1=" " ind2=" " tag="260"><subfield code="a">Bayr&#363;t :</subfield><subfield code="b">D&#257;r R&#299;&#7717;&#257;n&#299;,</subfield><subfield code="c">[195-]</subfield></datafield><datafield ind1=" " ind2=" " tag="300"><subfield code="a">online resource (147 p.)</subfield></datafield><datafield ind1=" " ind2=" " tag="500"><subfield code="a">Part of the Arabic Collections Online (ACO) project, contributed by New York Univeristy Libraries.</subfield></datafield><datafield ind1=" " ind2=" " tag="533"><subfield code="a">Electronic reproduction.</subfield><subfield code="b">New York, N.Y. :</subfield><subfield code="c">New York University,</subfield><subfield code="d">2015.</subfield><subfield code="5">NNU</subfield></datafield><datafield ind1="2" ind2=" " tag="710"><subfield code="a">New York University.</subfield><subfield code="b">Libraries.</subfield></datafield><datafield ind1="0" ind2=" " tag="730"><subfield code="a">Arabic Collections Online.</subfield></datafield><datafield ind1="0" ind2="8" tag="776"><subfield code="i">Print version:</subfield><subfield code="a">Nash&#257;sh&#299;b&#299;, Mu&#7717;ammad Is&#699;&#257;f.</subfield><subfield code="t">Naql al-ad&#299;b</subfield><subfield code="w">(NNU)002167904</subfield></datafield><datafield ind1="4" ind2="0" tag="856"><subfield code="u">http://hdl.handle.net/2333.1/zgmsbft5</subfield></datafield><datafield ind1=" " ind2=" " tag="959"><subfield code="a">NNU</subfield><subfield code="b">WEB</subfield><subfield code="c">GENI</subfield><subfield code="t">0</subfield><subfield code="m">Electronic access</subfield><subfield code="s">01</subfield></datafield><datafield ind1=" " ind2=" " tag="999"><subfield code="i">NNU_002167904</subfield><subfield code="s">nyu_aco000548</subfield><subfield code="e">(ERROR-880)</subfield></datafield><datafield ind1=" " ind2="1" tag="997"><subfield code="@">u01</subfield><subfield code="a">1</subfield><subfield code="t">UO</subfield><subfield code="s">P</subfield><subfield code="d">09/23/93 JH</subfield><subfield code="i">06/28/94 CLA FZ</subfield><subfield code="h">05/27/94 CLA</subfield><subfield code="h">09/23/93 ORD JH</subfield><subfield code="f">02/28/95 CLA</subfield></datafield><datafield ind1=" " ind2="1" tag="997"><subfield code="@">u08</subfield><subfield code="p">Y</subfield><subfield code="o">MG</subfield></datafield><datafield ind1=" " ind2="1" tag="997"><subfield code="@">u20</subfield><subfield code="a">SUL</subfield></datafield><datafield ind1=" " ind2="1" tag="997"><subfield code="@">u30</subfield><subfield code="m">8</subfield><subfield code="i">1</subfield></datafield><datafield ind1=" " ind2="1" tag="997"><subfield code="@">u31</subfield><subfield code="a">3</subfield><subfield code="b">2</subfield></datafield><datafield ind1=" " ind2="1" tag="997"><subfield code="@">u21</subfield><subfield code="a">BOB</subfield><subfield code="b">BOB</subfield></datafield><datafield ind1=" " ind2="1" tag="997"><subfield code="@">u22</subfield><subfield code="a">TAX</subfield></datafield><datafield ind1=" " ind2="1" tag="997"><subfield code="@">u55</subfield><subfield code="a">Missing repl for PJ7852.A64.N8 (12572791)</subfield></datafield><datafield ind1=" " ind2="1" tag="997"><subfield code="@">u70</subfield><subfield code="l">BMAIN</subfield><subfield code="a">1</subfield></datafield><datafield ind1=" " ind2="1" tag="997"><subfield code="@">u7f</subfield><subfield code="a">35.00??</subfield><subfield code="p">Y</subfield></datafield><datafield ind1=" " ind2="1" tag="997"><subfield code="@">u71</subfield><subfield code="a">209M</subfield></datafield><datafield ind1=" " ind2="1" tag="997"><subfield code="@">u75</subfield><subfield code="l">BMAIN</subfield><subfield code="i">06/28/94 CLA</subfield><subfield code="h">05/27/94 CLA</subfield></datafield><datafield ind1=" " ind2="1" tag="997"><subfield code="@">ufi</subfield><subfield code="a">209M</subfield><subfield code="b">93</subfield><subfield code="c">$35.00</subfield><subfield code="d">09/23/93</subfield></datafield></record>